<record><leader>00000cas a22000007a 4500</leader><controlfield tag="001">15348994</controlfield><controlfield tag="008">870320d1uuu1919paudn ne      0    0eng d</controlfield><datafield ind1=" " ind2=" " tag="010"><subfield code="a">sn 87080067 </subfield></datafield><datafield ind1=" " ind2=" " tag="040"><subfield code="a">NPH</subfield><subfield code="b">eng</subfield><subfield code="c">NPH</subfield><subfield code="d">OCLCQ</subfield></datafield><datafield ind1=" " ind2=" " tag="042"><subfield code="a">msc</subfield></datafield><datafield ind1="0" ind2="0" tag="245"><subfield code="a">Altoona times.</subfield></datafield><datafield ind1="3" ind2="0" tag="246"><subfield code="a">Altoona morning times</subfield></datafield><datafield ind1=" " ind2=" " tag="260"><subfield code="a">Altoona, Pa. :</subfield><subfield code="b">D.L. Potter, C.A. Greer and P.H. Kelly</subfield></datafield><datafield ind1=" " ind2=" " tag="300"><subfield code="a">v.</subfield></datafield><datafield ind1=" " ind2=" " tag="310"><subfield code="a">Daily (except Sunday)</subfield></datafield><datafield ind1="1" ind2=" " tag="362"><subfield code="a">Ceased with Dec. 31, 1919 issue.</subfield></datafield><datafield ind1=" " ind2=" " tag="588"><subfield code="a">Description based on: Vol. 20, no. 36 (July 1, 1903).</subfield></datafield><datafield ind1=" " ind2=" " tag="752"><subfield code="a">United States</subfield><subfield code="b">Pennsylvania</subfield><subfield code="c">Blair</subfield><subfield code="d">Altoona.</subfield></datafield><datafield ind1="0" ind2="0" tag="780"><subfield code="t">Times (Altoona, Pa.)</subfield><subfield code="w">(DLC)sn 87080068</subfield><subfield code="w">(OCoLC)12618021</subfield></datafield><datafield ind1="0" ind2="7" tag="785"><subfield code="t">Altoona tribune (Altoona, Pa. : 1913 : Daily)</subfield><subfield code="w">(DLC)sn 87080066</subfield></datafield><datafield ind1="0" ind2="7" tag="785"><subfield code="t">Altoona times tribune</subfield><subfield code="w">(DLC)sn 87080069</subfield></datafield></record>